/home/soravux/Documents/library.bib